
% Journals

% First the Full Name is given, then the abbreviation used in the AMS Math
% Reviews, with an indication if it could not be found there.
% Note the 2nd overwrites the 1st, so swap them if you want the full name.

 %{AMS}
 @String{AMSTrans = "American Mathematical Society Translations" }
 @String{AMSTrans = "Amer. Math. Soc. Transl." }
 @String{BullAMS = "Bulletin of the American Mathematical Society" }
 @String{BullAMS = "Bull. Amer. Math. Soc." }
 @String{ProcAMS = "Proceedings of the American Mathematical Society" }
 @String{ProcAMS = "Proc. Amer. Math. Soc." }
 @String{TransAMS = "Transactions of the American Mathematical Society" }
 @String{TransAMS = "Trans. Amer. Math. Soc." }

 %ACM
 @String{CACM = "Communications of the {ACM}" }
 @String{CACM = "Commun. {ACM}" }
 @String{CompServ = "Comput. Surveys" }
 @String{JACM = "J. ACM" }
 @String{ACMMathSoft = "{ACM} Transactions on Mathematical Software" }
 @String{ACMMathSoft = "{ACM} Trans. Math. Software" }
 @String{SIGNUM = "{ACM} {SIGNUM} Newsletter" }
 @String{SIGNUM = "{ACM} {SIGNUM} Newslett." }

 @String{AmerSocio = "American Journal of Sociology" }
 @String{AmerStatAssoc = "Journal of the American Statistical Association" }
 @String{AmerStatAssoc = "J. Amer. Statist. Assoc." }
 @String{ApplMathComp = "Applied Mathematics and Computation" }
 @String{ApplMathComp = "Appl. Math. Comput." }
 @String{AmerMathMonthly = "American Mathematical Monthly" }
 @String{AmerMathMonthly = "Amer. Math. Monthly" }
 @String{BIT = "{BIT}" }
 @String{BritStatPsych = "British Journal of Mathematical and Statistical
          Psychology" }
 @String{BritStatPsych = "Brit. J. Math. Statist. Psych." }
 @String{CanMathBull = "Canadian Mathematical Bulletin" }
 @String{CanMathBull = "Canad. Math. Bull." }
 @String{CompApplMath = "Journal of Computational and Applied Mathematics" }
 @String{CompApplMath = "J. Comput. Appl. Math." }
 @String{CompPhys = "Journal of Computational Physics" }
 @String{CompPhys = "J. Comput. Phys." }
 @String{CompStruct = "Computers and Structures" }
 @String{CompStruct = "Comput. \& Structures" }
 @String{CompJour = "The Computer Journal" }
 @String{CompJour = "Comput. J." }
 @String{CompSysSci = "Journal of Computer and System Sciences" }
 @String{CompSysSci = "J. Comput. System Sci." }
 @String{Computing = "Computing" }
 @String{ContempMath = "Contemporary Mathematics" }
 @String{ContempMath = "Contemp. Math." }
 @String{Crelle = "Crelle's Journal" }
 @String{GiornaleMath = "Giornale di Mathematiche" }
 @String{GiornaleMath = "Giorn. Mat." } % didn't find in AMS MR., ibid.

 %IEEE
 @String{Computer = "{IEEE} Computer" }
 @String{IEEETransComp = "{IEEE} Transactions on Computers" }
 @String{IEEETransComp = "{IEEE} Trans. Comput." }
 @String{IEEETransAC = "{IEEE} Transactions on Automatic Control" }
 @String{IEEETransAC = "{IEEE} Trans. Automat. Control" }
 @String{IEEESpec = "{IEEE} Spectrum" } % didn't find in AMS MR
 @String{ProcIEEE = "Proceedings of the {IEEE}" }
 @String{ProcIEEE = "Proc. {IEEE}" } % didn't find in AMS MR
 @String{IEEETransAeroElec = "{IEEE} Transactions on Aerospace and Electronic
     Systems" }
 @String{IEEETransAeroElec = "{IEEE} Trans. Aerospace Electron. Systems" }

 @String{IMANumerAna = "{IMA} Journal of Numerical Analysis" }
 @String{IMANumerAna = "{IMA} J. Numer. Anal." }
 @String{InfProcLet = "Information Processing Letters" }
 @String{InfProcLet = "Inform. Process. Lett." }
 @String{InstMathApp = "Journal of the Institute of Mathematics and
     its Applications" }
 @String{InstMathApp = "J. Inst. Math. Appl." }
 @String{IntControl = "International Journal of Control" }
 @String{IntControl = "Internat. J. Control" }
 @String{IntNumerEng = "International Journal for Numerical Methods in
     Engineering" }
 @String{IntNumerEng = "Internat. J. Numer. Methods Engrg." }
 @String{IntSuper = "International Journal of Supercomputing Applications" }
 @String{IntSuper = "Internat. J. Supercomputing Applic." } % didn't find
%% in AMS MR
 @String{Kibernetika = "Kibernetika" }
 @String{JResNatBurStand = "Journal of Research of the National Bureau
     of Standards" }
 @String{JResNatBurStand = "J. Res. Nat. Bur. Standards" }
 @String{LinAlgApp = "Linear Algebra and its Applications" }
 @String{LinAlgApp = "Linear Algebra Appl." }
 @String{MathAnaAppl = "Journal of Mathematical Analysis and Applications" }
 @String{MathAnaAppl = "J. Math. Anal. Appl." }
 @String{MathAnnalen = "Mathematische Annalen" }
 @String{MathAnnalen = "Math. Ann." }
 @String{MathPhys = "Journal of Mathematical Physics" }
 @String{MathPhys = "J. Math. Phys." }
 @String{MathComp = "Mathematics of Computation" }
 @String{MathComp = "Math. Comp." }
 @String{MathScand = "Mathematica Scandinavica" }
 @String{MathScand = "Math. Scand." }
 @String{TablesAidsComp = "Mathematical Tables and Other Aids to Computation" }
 @String{TablesAidsComp = "Math. Tables Aids Comput." }
 @String{NumerMath = "Numerische Mathematik" }
 @String{NumerMath = "Numer. Math." }
 @String{PacificMath = "Pacific Journal of Mathematics" }
 @String{PacificMath = "Pacific J. Math." }
 @String{ParDistComp = "Journal of Parallel and Distributed Computing" }
 @String{ParDistComp = "J. Parallel and Distrib. Comput." } % didn't find
%% in AMS MR
 @String{ParComputing = "Parallel Computing" }
 @String{ParComputing = "Parallel Comput." }
 @String{PhilMag = "Philosophical Magazine" }
 @String{PhilMag = "Philos. Mag." }
 @String{ProcNAS = "Proceedings of the National Academy of Sciences
                    of the USA" }
 @String{ProcNAS = "Proc. Nat. Acad. Sci. U. S. A." }
 @String{Psychometrika = "Psychometrika" }
 @String{QuartMath = "Quarterly Journal of Mathematics, Oxford, Series (2)" }
 @String{QuartMath = "Quart. J. Math. Oxford Ser. (2)" }
 @String{QuartApplMath = "Quarterly of Applied Mathematics" }
 @String{QuartApplMath = "Quart. Appl. Math." }
 @String{RevueInstStat = "Review of the International Statisical Institute" }
 @String{RevueInstStat = "Rev. Inst. Internat. Statist." }

 %SIAM
 @String{JSIAM = "Journal of the Society for Industrial and Applied
     Mathematics" }
 @String{JSIAM = "J. Soc. Indust. Appl. Math." }
 @String{JSIAMB = "Journal of the Society for Industrial and Applied
     Mathematics, Series B, Numerical Analysis" }
 @String{JSIAMB = "J. Soc. Indust. Appl. Math. Ser. B Numer. Anal." }
 @String{SIAMAlgMeth = "{SIAM} Journal on Algebraic and Discrete Methods" }
 @String{SIAMAlgMeth = "{SIAM} J. Algebraic Discrete Methods" }
 @String{SIAMAppMath = "{SIAM} Journal on Applied Mathematics" }
 @String{SIAMAppMath = "{SIAM} J. Appl. Math." }
 @String{SIAMComp = "{SIAM} Journal on Computing" }
 @String{SIAMComp = "{SIAM} J. Comput." }
 @String{SIAMMatrix = "{SIAM} Journal on Matrix Analysis and Applications" }
 @String{SIAMMatrix = "{SIAM} J. Matrix Anal. Appl." }
 @String{SIAMNumAnal = "{SIAM} Journal on Numerical Analysis" }
 @String{SIAMNumAnal = "{SIAM} J. Numer. Anal." }
 @String{SIAMReview = "{SIAM} Review" }
 @String{SIAMReview = "{SIAM} Rev." }
 @String{SIAMSciStat = "{SIAM} Journal on Scientific and Statistical
     Computing" }
 @String{SIAMSciStat = "{SIAM} J. Sci. Statist. Comput." }

 @String{SoftPracExp = "Software Practice and Experience" }
 @String{SoftPracExp = "Software Prac. Experience" } % didn't find in AMS MR
 @String{StatScience = "Statistical Science" }
 @String{StatScience = "Statist. Sci." }
 @String{Techno = "Technometrics" }
 @String{USSRCompMathPhys = "{USSR} Computational Mathematics and Mathematical
     Physics" }
 @String{USSRCompMathPhys = "{U. S. S. R.} Comput. Math. and Math. Phys." }
 @String{VLSICompSys = "Journal of {VLSI} and Computer Systems" }
 @String{VLSICompSys = "J. {VLSI} Comput. Syst." }
 @String{ZAngewMathMech = "Zeitschrift fur Angewandte Mathematik und
     Mechanik" }
 @String{ZAngewMathMech = "Z. Angew. Math. Mech." }
 @String{ZAngewMathPhys = "Zeitschrift fur Angewandte Mathematik und Physik" }
 @String{ZAngewMathPhys = "Z. Angew. Math. Phys." }

% Publishers % ================================================= |

 @String{Academic = "Academic Press" }
 @String{ACMPress = "{ACM} Press" }
 @String{AdamHilger = "Adam Hilger" }
 @String{AddisonWesley = "Addison-Wesley" }
 @String{AllynBacon = "Allyn and Bacon" }
 @String{AMS = "American Mathematical Society" }
 @String{Birkhauser = "Birkha{\"u}ser" }
 @String{CambridgePress = "Cambridge University Press" }
 @String{Chelsea = "Chelsea" }
 @String{ClaredonPress = "Claredon Press" }
 @String{DoverPub = "Dover Publications" }
 @String{Eyolles = "Eyolles" }
 @String{HoltRinehartWinston = "Holt, Rinehart and Winston" }
 @String{Interscience = "Interscience" }
 @String{JohnsHopkinsPress = "The Johns Hopkins University Press" }
 @String{JohnWileySons = "John Wiley and Sons" }
 @String{Macmillan = "Macmillan" }
 @String{MathWorks = "The Math Works Inc." }
 @String{McGrawHill = "McGraw-Hill" }
 @String{NatBurStd = "National Bureau of Standards" }
 @String{NorthHolland = "North-Holland" }
 @String{OxfordPress = "Oxford University Press" }  %address Oxford or London?
 @String{PergamonPress = "Pergamon Press" }
 @String{PlenumPress = "Plenum Press" }
 @String{PrenticeHall = "Prentice-Hall" }
 @String{SIAMPub = "{SIAM} Publications" }
 @String{Springer = "Springer-Verlag" }
 @String{TexasPress = "University of Texas Press" }
 @String{VanNostrand = "Van Nostrand" }
 @String{WHFreeman = "W. H. Freeman and Co." }

@INPROCEEDINGS{hls_bisimulation,
author={ {Tun Li} and  {Yang Guo} and  {Wanwei Liu} and  {Chiyuan Ma}},
booktitle={International Symposium on Quality Electronic Design (ISQED)},
title={Efficient translation validation of high-level synthesis},
year={2013},
volume={},
number={},
pages={516-523},}

@article{hls_equiv_checking,
  title={Sequential equivalence checking between system level and RTL descriptions},
  author={Shobha Vasudevan and Vinod Viswanath and Jacob A. Abraham and Jiajin Tu},
  journal={Design Automation for Embedded Systems},
  year={2008},
  volume={12},
  pages={377-396}
}

@InProceedings{hls_validation,
author="Kundu, Sudipta
and Lerner, Sorin
and Gupta, Rajesh",
editor="Gupta, Aarti
and Malik, Sharad",
title="Validating High-Level Synthesis",
booktitle="Computer Aided Verification",
year="2008",
publisher="Springer Berlin Heidelberg",
address="Berlin, Heidelberg",
pages="459--472",
abstract="The growing design-productivity gap has made designers shift toward using high-level languages like C, C++ and Java to do system-level design. High-Level Synthesis (HLS) is the process of generating Register Transfer Level (RTL) design from these initial high-level programs. Unfortunately, this translation process itself can be buggy, which can create a mismatch between what a designer intends and what is actually implemented in the circuit. In this paper, we present an approach to validate the result of HLS against the initial high-level program using insights from translation validation, automated theorem proving and relational approaches to reasoning about programs. We have implemented our validating technique and have applied it to a highly parallelizing HLS framework called SPARK. We present the details of our algorithm and experimental results.",
isbn="978-3-540-70545-1"
}

@inproceedings{matchlib,
author = {Khailany, Brucek and Khmer, Evgeni and Venkatesan, Rangharajan and Clemons, Jason and Emer, Joel S. and Fojtik, Matthew and Klinefelter, Alicia and Pellauer, Michael and Pinckney, Nathaniel and Shao, Yakun Sophia and Srinath, Shreesha and Torng, Christopher and Xi, Sam (Likun) and Zhang, Yanqing and Zimmer, Brian},
title = {A Modular Digital VLSI Flow for High-Productivity SoC Design},
year = {2018},
isbn = {9781450357005},
publisher = {Association for Computing Machinery},
address = {New York, NY, USA},
url = {https://doi.org/10.1145/3195970.3199846},
doi = {10.1145/3195970.3199846},
booktitle = {Proceedings of the 55th Annual Design Automation Conference},
articleno = {72},
numpages = {6},
keywords = {machine learning, SoC design, VLSI design, high-level synthesis},
location = {San Francisco, California},
series = {DAC ’18}
}

@INPROCEEDINGS{riscv_tlm,
author={V. {Herdt} and D. {Grobe} and H. M. {Le} and R. {Drechsler}},
booktitle={2018 Forum on Specification   Design Languages (FDL)},
title={Extensible and Configurable RISC-V Based Virtual Prototype},
year={2018},
volume={},
number={},
pages={5-16},}

@INPROCEEDINGS{riscv_tlm_carrv,
author={M. {Monton}},
booktitle={CARRV},
title={A RISC-V SystemC-TLM Simulator},
year={2018},
volume={},
number={},
pages={5-16},}

@INPROCEEDINGS{compiler_coverage1,
author={J. {Chen} and Y. {Bai} and D. {Hao} and Y. {Xiong} and H. {Zhang} and B. {Xie}},
booktitle={2017 IEEE/ACM 39th International Conference on Software Engineering (ICSE)},
title={Learning to Prioritize Test Programs for Compiler Testing},
year={2017},
volume={},
number={},
pages={700-711},}

@ARTICLE {compiler_coverage2,
author = {J. Chen and G. Wang and D. Hao and Y. Xiong and H. Zhang and L. Zhang and B. XIE},
journal = {IEEE Transactions on Software Engineering},
title = {Coverage Prediction for Accelerating Compiler Testing},
year = {5555},
volume = {},
number = {01},
issn = {1939-3520},
pages = {1-1},
keywords = {testing;program processors;computer bugs;life estimation;acceleration;optimization;electromagnetic interference},
doi = {10.1109/TSE.2018.2889771},
publisher = {IEEE Computer Society},
address = {Los Alamitos, CA, USA},
month = {dec}
}

@INPROCEEDINGS{coverage_targetting,
author={S. {Yang} and R. {Wille} and D. {Große} and R. {Drechler}},
booktitle={2012 15th Euromicro Conference on Digital System Design},
title={Coverage-Driven Stimuli Generation},
year={2012},
volume={},
number={},
pages={525-528},}

@INPROCEEDINGS{rfuzz,
author={K. {Laeufer} and J. {Koenig} and D. {Kim} and J. {Bachrach} and K. {Sen}},
booktitle={2018 IEEE/ACM International Conference on Computer-Aided Design (ICCAD)},
title={RFUZZ: Coverage-Directed Fuzz Testing of RTL on FPGAs},
year={2018},
volume={},
number={},
pages={1-8},}

@inproceedings{coverage_targetting2,
author = {Farkash, Monica and Hickerson, Bryan and Behm, M. and Samynathan, Balavinayagam},
year = {2015},
month = {03},
pages = {},
title = {Mining Coverage Data for Test Set Coverage Efficiency}
}

@INPROCEEDINGS{predictive_coverage,
author={R. {Roy} and C. {Duvedi} and S. {Godil} and M. {Williams}},
booktitle={DVCon},
title={Deep Predictive Coverage Collection},
year={2018},
volume={},
number={},}

@INPROCEEDINGS{gem5_riscv,
author={T. {Ta} and L. {Cheng} and C. {Batten}},
booktitle={CARRV},
title={Simulating Multi-Core RISC-V Systems in gem5},
year={2018},
volume={},
number={},}
